<record><leader>00000cas a22000007a 4500</leader><controlfield tag="001">14585069</controlfield><controlfield tag="008">861031d18881uuuwiuwr ne      0    0ger d</controlfield><datafield ind1=" " ind2=" " tag="010"><subfield code="a">sn 86086755 </subfield></datafield><datafield ind1=" " ind2=" " tag="040"><subfield code="a">NPV</subfield><subfield code="b">eng</subfield><subfield code="c">NPV</subfield><subfield code="d">OCLCQ</subfield></datafield><datafield ind1=" " ind2=" " tag="042"><subfield code="a">msc</subfield></datafield><datafield ind1="0" ind2=" " tag="130"><subfield code="a">Nordwesten (Menomonie, Wis.)</subfield></datafield><datafield ind1="1" ind2="4" tag="245"><subfield code="a">Der Nordwesten.</subfield></datafield><datafield ind1="3" ind2="0" tag="246"><subfield code="a">Nord Westen</subfield></datafield><datafield ind1=" " ind2=" " tag="260"><subfield code="a">Menomonie, Wis. :</subfield><subfield code="b">[s.n.]</subfield></datafield><datafield ind1=" " ind2=" " tag="300"><subfield code="a">v.</subfield></datafield><datafield ind1=" " ind2=" " tag="310"><subfield code="a">Weekly</subfield></datafield><datafield ind1="1" ind2=" " tag="362"><subfield code="a">Began in 1888?</subfield></datafield><datafield ind1=" " ind2=" " tag="580"><subfield code="a">"Dienstags Ausgabe des Menomonie Nordstern."</subfield></datafield><datafield ind1=" " ind2=" " tag="588"><subfield code="a">Description based on: Jahrg. 8, no. 26 (28. Mai 1895).</subfield></datafield><datafield ind1=" " ind2=" " tag="752"><subfield code="a">United States</subfield><subfield code="b">Wisconsin</subfield><subfield code="c">Dunn</subfield><subfield code="d">Menomonie.</subfield></datafield><datafield ind1="0" ind2=" " tag="775"><subfield code="t">Menomonie Nordstern</subfield><subfield code="w">(DLC)sn 86086752</subfield></datafield></record>